@Comment{$ biblatex control file $}
@Comment{$ biblatex bcf format version 3.8 $}
% Do not modify this file!
%
% This is an auxiliary file used by the 'biblatex' package.
% This file may safely be deleted. It will be recreated as
% required.

@Control{biblatex-control,
  options = {3.8:0:0:1:1:1:1:0:1:0:0:12:2:1:6:1:0:0:4:3:79:+:+:anyt},
}
