@INPROCEEDINGS{9024567,  author={Stark, Maximilian and Ait Aoudia, Faycal and Hoydis, Jakob},  booktitle={2019 IEEE Globecom Workshops (GC Wkshps)},   title={Joint Learning of Geometric and Probabilistic Constellation Shaping},   year={2019},  volume={},  number={},  pages={1-6},  doi={10.1109/GCWkshps45667.2019.9024567}}

@INPROCEEDINGS{9348032,  author={Aoudia, Fay√ßal Ait and Hoydis, Jakob},  booktitle={GLOBECOM 2020 - 2020 IEEE Global Communications Conference},   title={Joint Learning of Probabilistic and Geometric Shaping for Coded Modulation Systems},   year={2020},  volume={},  number={},  pages={1-6},  doi={10.1109/GLOBECOM42002.2020.9348032}}

@misc{https://doi.org/10.48550/arxiv.2112.05050,
  doi = {10.48550/ARXIV.2112.05050},
  
  url = {https://arxiv.org/abs/2112.05050},
  
  author = {Aref, Vahid and Chagnon, Mathieu},
  
  keywords = {Information Theory (cs.IT), Artificial Intelligence (cs.AI), Signal Processing (eess.SP), FOS: Computer and information sciences, FOS: Computer and information sciences, FOS: Electrical engineering, electronic engineering, information engineering, FOS: Electrical engineering, electronic engineering, information engineering},
  
  title = {End-to-End Learning of Joint Geometric and Probabilistic Constellation Shaping},
  
  publisher = {arXiv},
  
  year = {2021},
  
  copyright = {arXiv.org perpetual, non-exclusive license}
}
